@ARTICLE{She07,
   author = {{Sheffield}, S.},
    title = "{Gaussian free fields for mathematicians}",
  journal = {ArXiv Mathematics e-prints},
   eprint = {math/0312099},
 keywords = {Mathematics - Probability, Mathematics - Mathematical Physics, Mathematical Physics},
     year = 2003,
    month = dec,
   adsurl = {http://adsabs.harvard.edu/abs/2003math.....12099S},
  adsnote = {Provided by the SAO/NASA Astrophysics Data System}
}


@ARTICLE{Dup10,
   author = {{Duplantier}, B. and {Sheffield}, S.},
    title = "{Liouville Quantum Gravity and KPZ}",
  journal = {ArXiv e-prints},
archivePrefix = "arXiv",
   eprint = {0808.1560},
 primaryClass = "math.PR",
 keywords = {Mathematics - Probability, Mathematical Physics},
     year = 2008,
    month = aug,
   adsurl = {http://adsabs.harvard.edu/abs/2008arXiv0808.1560D},
  adsnote = {Provided by the SAO/NASA Astrophysics Data System}
}


@ARTICLE{She15,
   author = {{Sheffield}, S.},
    title = "{Conformal weldings of random surfaces: SLE and the quantum gravity zipper}",
  journal = {ArXiv e-prints},
archivePrefix = "arXiv",
   eprint = {1012.4797},
 primaryClass = "math.PR",
 keywords = {Mathematics - Probability, Condensed Matter - Statistical Mechanics, Mathematical Physics, Mathematics - Complex Variables},
     year = 2010,
    month = dec,
   adsurl = {http://adsabs.harvard.edu/abs/2010arXiv1012.4797S},
  adsnote = {Provided by the SAO/NASA Astrophysics Data System}
}


@book {Evans,
    AUTHOR = {Evans, Lawrence C.},
     TITLE = {Partial differential equations},
    SERIES = {Graduate Studies in Mathematics},
    VOLUME = {19},
   EDITION = {Second},
 PUBLISHER = {American Mathematical Society, Providence, RI},
      YEAR = {2010},
     PAGES = {xxii+749},
      ISBN = {978-0-8218-4974-3},
   MRCLASS = {35-01},
  MRNUMBER = {2597943},
MRREVIEWER = {Diego M. Maldonado},
       DOI = {10.1090/gsm/019},
       URL = {http://dx.doi.org/10.1090/gsm/019},
}

@book{Nickl, 
	 place = {Cambridge},
	series = {Cambridge Series in Statistical and Probabilistic Mathematics},
	 title = {Mathematical Foundations of Infinite-Dimensional Statistical Models},
	   DOI = {10.1017/CBO9781107337862},
 publisher = {Cambridge University Press},
	author = {Gin√©, Evarist and Nickl, Richard},
	  year = {2015},
collection = {Cambridge Series in Statistical and Probabilistic Mathematics}
}


@ARTICLE{Bourbaki,
   author = {{Garban}, C.},
    title = "{Quantum gravity and the KPZ formula}",
  journal = {ArXiv e-prints},
archivePrefix = "arXiv",
   eprint = {1206.0212},
 primaryClass = "math.PR",
 keywords = {Mathematics - Probability, Mathematical Physics, Mathematics - Combinatorics},
     year = 2012,
    month = jun,
   adsurl = {http://adsabs.harvard.edu/abs/2012arXiv1206.0212G},
  adsnote = {Provided by the SAO/NASA Astrophysics Data System}
}


@ARTICLE{Dup14,
   author = {{Duplantier}, B. and {Miller}, J. and {Sheffield}, S.},
    title = "{Liouville quantum gravity as a mating of trees}",
  journal = {ArXiv e-prints},
archivePrefix = "arXiv",
   eprint = {1409.7055},
 primaryClass = "math.PR",
 keywords = {Mathematics - Probability, Mathematical Physics, Mathematics - Complex Variables},
     year = 2014,
    month = sep,
   adsurl = {http://adsabs.harvard.edu/abs/2014arXiv1409.7055D},
  adsnote = {Provided by the SAO/NASA Astrophysics Data System}
}
